@book{eisenstein2019introduction,
  title={Introduction to natural language processing},
  author={Eisenstein, Jacob},
  year={2019},
  publisher={MIT press}
}

@article{jain2018natural,
  title={Natural language processing},
  author={Jain, Aditya and Kulkarni, Gandhar and Shah, Vraj},
  journal={International Journal of Computer Sciences and Engineering},
  volume={6},
  number={1},
  pages={161--167},
  year={2018}
}

@article{dale2019nlp,
  title={NLP commercialisation in the last 25 years},
  author={Dale, Robert},
  journal={Natural Language Engineering},
  volume={25},
  number={3},
  pages={419--426},
  year={2019},
  publisher={Cambridge University Press}
}

@online{SAS2021NLP,
  author = {sas.com},
  title = {What is Natural Language Processing (NLP)?},
  year = {2021},
  url = {https://www.sas.com/en_gb/insights/analytics/what--is--natural--language--processing--nlp.html},
  urldate = {2021--04--04}
}

@article{thangaraj2018text,
  title={Text classification techniques: A literature review.},
  author={Thangaraj, M and Sivakami, M},
  journal={Interdisciplinary Journal of Information, Knowledge \& Management},
  volume={13},
  year={2018}
}

@article{keane2005obtaining,
  title={Obtaining student feedback on teaching \& course quality},
  author={Keane, Elaine and Labhrainn, IM},
  journal={Brie ing paper},
  volume={2},
  pages={1--19},
  year={2005}
}

@article{beran2007s,
  title={What's the" Use" of Student Ratings of Instruction for Administrators? One University's Experience.},
  author={Beran, Tanya and Violato, Claudio and Kline, Don},
  journal={Canadian Journal of Higher Education},
  volume={37},
  number={1},
  pages={27--43},
  year={2007},
  publisher={ERIC}
}

@article{gottipati2018text,
  title={Text analytics approach to extract course improvement suggestions from students’ feedback},
  author={Gottipati, Swapna and Shankararaman, Venky and Lin, Jeff Rongsheng},
  journal={Research and Practice in Technology Enhanced Learning},
  volume={13},
  number={1},
  pages={1--19},
  year={2018},
  publisher={Springer}
}

@inproceedings{ongsulee2017artificial,
  title={Artificial intelligence, machine learning and deep learning},
  author={Ongsulee, Pariwat},
  booktitle={2017 15th International Conference on ICT and Knowledge Engineering (ICT\&KE)},
  pages={1--6},
  year={2017},
  organization={IEEE}
}

@article{kandhro2019student,
  title={Student feedback sentiment analysis model using various machine learning schemes: A Review},
  author={Kandhro, Irfan Ali and Chhajro, Muhammad Ameen and Kumar, Kamlesh and Lashari, Haque Nawaz and Khan, Usman},
  journal={Indian Journal of Science and Technology},
  volume={12},
  number={14},
  year={2019}
}

@inproceedings{unankard2019topic,
  title={Topic detection for online course feedback using LDA},
  author={Unankard, Sayan and Nadee, Wanvimol},
  booktitle={International Symposium on Emerging Technologies for Education},
  pages={133--142},
  year={2019},
  organization={Springer}
}

@article{heift2017computer,
  title={Computer--assisted corrective feedback and language learning},
  author={Heift, Trude and Hegelheimer, Volker},
  journal={Corrective feedback in second language teaching and learning},
  pages={51--65},
  year={2017},
  publisher={Routledge}
}

@article{perikos2017assistance,
  title={Assistance and feedback mechanism in an intelligent tutoring system for teaching conversion of natural language into logic},
  author={Perikos, Isidoros and Grivokostopoulou, Foteini and Hatzilygeroudis, Ioannis},
  journal={International Journal of Artificial Intelligence in Education},
  volume={27},
  number={3},
  pages={475--514},
  year={2017},
  publisher={Springer}
}

@inproceedings{jensen2020toward,
  title={Toward automated feedback on teacher discourse to enhance teacher learning},
  author={Jensen, Emily and Dale, Meghan and Donnelly, Patrick J and Stone, Cathlyn and Kelly, Sean and Godley, Amanda and D'Mello, Sidney K},
  booktitle={Proceedings of the 2020 CHI Conference on Human Factors in Computing Systems},
  pages={1--13},
  year={2020}
}

@article{xia2018zero,
  title={Zero--shot user intent detection via capsule neural networks},
  author={Xia, Congying and Zhang, Chenwei and Yan, Xiaohui and Chang, Yi and Yu, Philip S},
  journal={arXiv preprint arXiv:1809.00385},
  year={2018}
}

@article{belotto2018data,
  title={Data analysis methods for qualitative research: Managing the challenges of coding, interrater reliability, and thematic analysis.},
  author={Belotto, Michael J},
  journal={Qualitative Report},
  volume={23},
  number={11},
  year={2018}
}

@article{sindhu2019aspect,
  title={Aspect--based opinion mining on student’s feedback for faculty teaching performance evaluation},
  author={Sindhu, Irum and Daudpota, Sher Muhammad and Badar, Kamal and Bakhtyar, Maheen and Baber, Junaid and Nurunnabi, Mohammad},
  journal={IEEE Access},
  volume={7},
  pages={108729--108741},
  year={2019},
  publisher={IEEE}
}

@article{burgess2020schools,
  title={Schools, skills, and learning: The impact of COVID--19 on education},
  author={Burgess, Simon and Sievertsen, Hans Henrik},
  journal={VoxEu. org},
  volume={1},
  number={2},
  year={2020}
}

@article{wang2021predicting,
  title={Predicting user perceived satisfaction and reuse intentions toward Massive Open Online Courses (MOOCs) in the Covid--19 pandemic: An application of the UTAUT model and quality factors},
  author={Wang, Ging and Khan, Muhammad Saqib and Khan, Muhammad Kamran},
  journal={International Journal of Research in Business and Social Science},
  volume={10},
  number={2},
  pages={1--11},
  year={2021},
  publisher={Society for the Study of Business and Finance}
}

@inproceedings{sultana2018prediction,
  title={Prediction of sentiment analysis on educational data based on deep learning approach},
  author={Sultana, Jabeen and Sultana, Nasreen and Yadav, Kusum and AlFayez, Fayez},
  booktitle={2018 21st Saudi Computer Society National Computer Conference (NCC)},
  pages={1--5},
  year={2018},
  organization={IEEE}
}

@article{enriquez2013comparative,
  title={A comparative study of classifier combination applied to NLP tasks},
  author={Enriquez, Fernando and Cruz, Fermin L and Ortega, F Javier and Vallejo, Carlos G and Troyano, Jose A},
  journal={Information Fusion},
  volume={14},
  number={3},
  pages={255--267},
  year={2013},
  publisher={Elsevier}
}

@article{kowsari2019text,
  title={Text classification algorithms: A survey},
  author={Kowsari, Kamran and Jafari Meimandi, Kiana and Heidarysafa, Mojtaba and Mendu, Sanjana and Barnes, Laura and Brown, Donald},
  journal={Information},
  volume={10},
  number={4},
  pages={150},
  year={2019},
  publisher={Multidisciplinary Digital Publishing Institute}
}

@article{lecun2015deep,
  title={Deep learning},
  author={LeCun, Yann and Bengio, Yoshua and Hinton, Geoffrey},
  journal={nature},
  volume={521},
  number={7553},
  pages={436--444},
  year={2015},
  publisher={Nature Publishing Group}
}

@article{kayali2020adoption,
  title={Adoption of Cloud Based E--learning in Developing Countries: A Combination A of DOI, TAM and UTAUT},
  author={Kayali, Mohammad and Alaaraj, Saad},
  journal={Int. J. Contemp. Manag. Inf. Technol},
  volume={1},
  number={1},
  pages={1--7},
  year={2020}
}

@inproceedings{kastrati2020aspect,
  title={Aspect--Based Opinion Mining of Students' Reviews on Online Courses},
  author={Kastrati, Zenun and Arifaj, Blend and Lubishtani, Arianit and Gashi, Fitim and Nishliu, Engj{\"e}ll},
  booktitle={Proceedings of the 2020 6th International Conference on Computing and Artificial Intelligence},
  pages={510--514},
  year={2020}
}

@article{kastrati2020weakly,
  title={Weakly supervised framework for aspect--based sentiment analysis on students’ reviews of MOOCs},
  author={Kastrati, Zenun and Imran, Ali Shariq and Kurti, Arianit},
  journal={IEEE Access},
  volume={8},
  pages={106799--106810},
  year={2020},
  publisher={IEEE}
}

@article{edalati2020potential,
  title={The Potential of Machine Learning and NLP for Handling Students' Feedback (A Short Survey)},
  author={Edalati, Maryam},
  journal={arXiv preprint arXiv:2011.05806},
  year={2020}
}

@inproceedings{raunak2019effective,
  title={Effective dimensionality reduction for word embeddings},
  author={Raunak, Vikas and Gupta, Vivek and Metze, Florian},
  booktitle={Proceedings of the 4th Workshop on Representation Learning for NLP (RepL4NLP--2019)},
  pages={235--243},
  year={2019}
}

@article{young2018recent,
  title={Recent trends in deep learning based natural language processing},
  author={Young, Tom and Hazarika, Devamanyu and Poria, Soujanya and Cambria, Erik},
  journal={ieee Computational intelligenCe magazine},
  volume={13},
  number={3},
  pages={55--75},
  year={2018},
  publisher={IEEE}
}

@article{zhang2020spvec,
  title={SPVec: a Word2vec--inspired feature representation method for drug--target interaction prediction},
  author={Zhang, Yu--Fang and Wang, Xiangeng and Kaushik, Aman Chandra and Chu, Yanyi and Shan, Xiaoqi and Zhao, Ming--Zhu and Xu, Qin and Wei, Dong--Qing},
  journal={Frontiers in chemistry},
  volume={7},
  pages={895},
  year={2020},
  publisher={Frontiers}
}

@inproceedings{pennington2014glove,
  title={Glove: Global vectors for word representation},
  author={Pennington, Jeffrey and Socher, Richard and Manning, Christopher D},
  booktitle={Proceedings of the 2014 conference on empirical methods in natural language processing (EMNLP)},
  pages={1532--1543},
  year={2014}
}

@article{alqurashi2019predicting,
  title={Predicting student satisfaction and perceived learning within online learning environments},
  author={Alqurashi, Emtinan},
  journal={Distance Education},
  volume={40},
  number={1},
  pages={133--148},
  year={2019},
  publisher={Taylor \& Francis}
}

@inproceedings{suleiman2019using,
  title={Using part of speech tagging for improving Word2vec model},
  author={Suleiman, Dima and Awajan, Arafat A},
  booktitle={2019 2nd International Conference on new Trends in Computing Sciences (ICTCS)},
  pages={1--7},
  year={2019},
  organization={IEEE}
}

@article{shylesh2017study,
  title={A study of software development life cycle process models},
  author={Shylesh, S},
  booktitle={National Conference on Reinventing Opportunities in Management, IT, and Social Sciences},
  pages={534--541},
  year={2017}
}

@article{akinsola2020comparative,
  title={Comparative analysis of software development life cycle models (SDLC)},
  author={Akinsola, Jide ET and Ogunbanwo, Afolakemi S and Okesola, Olatunji J and Odun--Ayo, Isaac J and Ayegbusi, Florence D and Adebiyi, Ayodele A},
  booktitle={Computer Science On--line Conference},
  pages={310--322},
  year={2020},
  organization={Springer}
}

@article{kramer2018best,
  title={Best practices in systems development lifecycle: An analyses based on the waterfall model},
  author={Kramer, Mitch},
  journal={Review of Business \& Finance Studies},
  volume={9},
  number={1},
  pages={77--84},
  year={2018}
}

@article{beck2001manifesto,
  title={Manifesto for agile software development},
  author={Beck, Kent and Beedle, Mike and Van Bennekum, Arie and Cockburn, Alistair and Cunningham, Ward and Fowler, Martin and Grenning, James and Highsmith, Jim and Hunt, Andrew and Jeffries, Ron and others},
  year={2001}
}

@book{monden2011toyota,
  title={Toyota production system: an integrated approach to just--in--time},
  author={Monden, Yasuhiro},
  year={2011},
  publisher={CRc Press}
}

@book{poppendieck2003lean,
  title={Lean software development: an agile toolkit},
  author={Poppendieck, Mary and Poppendieck, Tom},
  year={2003},
  publisher={Addison--Wesley}
}

@MISC{pinhasi2021mldc,
    author = {Assaf, Pinasi},
    title = {Towards a Development Methodology for Machine Learning — part },
    year = {2021},
    url = {https://miro.medium.com/max/1400/1*8r9--p1R--NGMdH1pMre_uvA.png}
}

@inproceedings{wirth2000crisp,
  title={CRISP--DM: Towards a standard process model for data mining},
  author={Wirth, R{\"u}diger and Hipp, Jochen},
  booktitle={Proceedings of the 4th international conference on the practical applications of knowledge discovery and data mining},
  volume={1},
  year={2000},
  organization={Springer--Verlag London, UK}
}

@MISC{jenson2012crisp,
    author = {Kenneth Jenson},
    title = {CRISP--DM Process Diagram.png},
    year = {2012},
    url = {https://commons.wikimedia.org/wiki/File:CRISP--DM_Process_Diagram.png}
}

@MISC{google2021TCF,
    author = {Google},
    title = {Text Classification Flowchart},
    year = {2021},
    url = {https://developers.google.com/machine-learning/guides/text-classification/images/TextClassificationFlowchart.png}
}